<record><leader>00000cas a22000007a 4500</leader><controlfield tag="001">16722736</controlfield><controlfield tag="008">870921d18821882iauwr ne      0    0eng d</controlfield><datafield ind1=" " ind2=" " tag="010"><subfield code="a">sn 87058532 </subfield></datafield><datafield ind1=" " ind2=" " tag="040"><subfield code="a">INP</subfield><subfield code="b">eng</subfield><subfield code="c">INP</subfield><subfield code="d">OCLCQ</subfield></datafield><datafield ind1=" " ind2=" " tag="042"><subfield code="a">msc</subfield></datafield><datafield ind1="0" ind2="0" tag="245"><subfield code="a">Sanborn cycle.</subfield></datafield><datafield ind1=" " ind2=" " tag="260"><subfield code="a">Sanborn, O'Brien County, Iowa :</subfield><subfield code="b">D.A.W. Perkins,</subfield><subfield code="c">1882-</subfield></datafield><datafield ind1=" " ind2=" " tag="300"><subfield code="a">v.</subfield></datafield><datafield ind1=" " ind2=" " tag="310"><subfield code="a">Weekly</subfield></datafield><datafield ind1="0" ind2=" " tag="362"><subfield code="a">Vol. 1, no. 1 (Jan. 12, 1882)-</subfield></datafield><datafield ind1="1" ind2=" " tag="362"><subfield code="a">Ceased in Feb. 1882.</subfield></datafield><datafield ind1=" " ind2=" " tag="752"><subfield code="a">United States</subfield><subfield code="b">Iowa</subfield><subfield code="c">O'Brien</subfield><subfield code="d">Sanborn.</subfield></datafield><datafield ind1="0" ind2="7" tag="785"><subfield code="t">O'Brien pioneer</subfield><subfield code="w">(DLC)sn 84027324</subfield></datafield><datafield ind1="0" ind2="7" tag="785"><subfield code="t">Sanborn pioneer</subfield><subfield code="w">(DLC)sn 87057679</subfield></datafield></record>